@article{azianisystematics,
Author ={A. Taranenko and Roy A. Lacey},
Title = {Systematic study of azimuthal anisotropy of charged hadrons in Au+Au collisions},
Journal = {PHENIX internal analysis notes},
Volume = {AN957},
Month = {January},
Year = {2011},
Url = {http://www.phenix.bnl.gov/phenix/WWW/p/info/an/957/v2v4run10B-03.pdf}
}




@article{rapidityref,
	Author = {K.F. Read for PHENIX collab.},
    Journal= {15th Winter Workshop on Nuclear Dynamics},
    Volume = {Park City, Utah},
    Month = {January},
    Year = {1999},
    Url = {http://www.iaea.org/inis/collection/NCLCollectionStore/_Public/32/003/32003026.pdf}
    }

@article{pi0v2run8dau,
Author={Chen, Chin-Hao and David, Gabor and Huang, Shengli and Sakaguchi, Takao},
	Title = {Measurement of second-order Fourier coefficients of
the emission angle dependent pi0 yields in Run8
d+Au collisions},
    Journal= {PHENIX Internal Analysis Note},
    Volume=  {AN1164},
    Month = {April},
    Year = {2014},
    Url = {http://www.iaea.org/inis/collection/NCLCollectionStore/_Public/32/003/32003026.pdf}
    }

@Article{Abramowicz2015,
author="Abramowicz, H.
and Abt, I.
and Adamczyk, L.
and Adamus, M.
and Andreev, V.
and Antonelli, S.
and Antunovi{\'{c}}, B.
and Aushev, V.
and Aushev, Y.
and Baghdasaryan, A.
and Begzsuren, K.
and Behnke, O.
and Behrendt Dubak, A.
and Behrens, U.
and Belousov, A.
and Belov, P.
and Bertolin, A.
and Bloch, I.
and Boos, E. G.
and Borras, K.
and Boudry, V.
and Brandt, G.
and Brisson, V.
and Britzger, D.
and Brock, I.
and Brook, N. H.
and Brugnera, R.
and Bruni, A.
and Buniatyan, A.
and Bussey, P. J.
and Bylinkin, A.
and Bystritskaya, L.
and Caldwell, A.
and Campbell, A. J.
and Cantun Avila, K. B.
and Capua, M.
and Catterall, C. D.
and Ceccopieri, F.
and Cerny, K.
and Chekelian, V.
and Chwastowski, J.
and Ciborowski, J.
and Ciesielski, R.
and Contreras, J. G.
and Cooper-Sarkar, A. M.
and Corradi, M.
and Corriveau, F.
and Cvach, J.
and Dainton, J. B.
and Daum, K.
and Dementiev, R. K.
and Devenish, R. C. E.
and Diaconu, C.
and Dobre, M.
and Dodonov, V.
and Dolinska, G.
and Dusini, S.
and Eckerlin, G.
and Egli, S.
and Elsen, E.
and Favart, L.
and Fedotov, A.
and Feltesse, J.
and Ferencei, J.
and Figiel, J.
and Fleischer, M.
and Fomenko, A.
and Foster, B.
and Gabathuler, E.
and Gach, G.
and Gallo, E.
and Garfagnini, A.
and Gayler, J.
and Geiser, A.
and Ghazaryan, S.
and Gizhko, A.
and Gladilin, L. K.
and Goerlich, L.
and Gogitidze, N.
and Golubkov, Yu. A.
and Gouzevitch, M.
and Grab, C.
and Grebenyuk, A.
and Grebenyuk, J.
and Greenshaw, T.
and Gregor, I.
and Grindhammer, G.
and Grzelak, G.
and Gueta, O.
and Guzik, M.
and Gwenlan, C.
and Haidt, D.
and Hain, W.
and Henderson, R. C. W.
and Henkenjohann, P.
and Hladkỳ, J.
and Hochman, D.
and Hoffmann, D.
and Hori, R.
and Horisberger, R.
and Hreus, T.
and Huber, F.
and Ibrahim, Z. A.
and Iga, Y.
and Ishitsuka, M.
and Iudin, A.
and Jacquet, M.
and Janssen, X.
and Januschek, F.
and Jomhari, N. Z.
and Jung, H.
and Kadenko, I.
and Kananov, S.
and Kapichine, M.
and Karshon, U.
and Katzy, J.
and Kaur, M.
and Kaur, P.
and Kiesling, C.
and Kisielewska, D.
and Klanner, R.
and Klein, M.
and Klein, U.
and Kleinwort, C.
and Kogler, R.
and Kondrashova, N.
and Kononenko, O.
and Korol, Ie.
and Korzhavina, I. A.
and Kostka, P.
and Kota{\'{n}}ski, A.
and K{\"o}tz, U.
and Kovalchuk, N.
and Kowalski, H.
and Kretzschmar, J.
and Kr{\"u}cker, D.
and Kr{\"u}ger, K.
and Krupa, B.
and Kuprash, O.
and Kuze, M.
and Landon, M. P. J.
and Lange, W.
and Laycock, P.
and Lebedev, A.
and Levchenko, B. B.
and Levonian, S.
and Levy, A.
and Libov, V.
and Limentani, S.
and Lipka, K.
and Lisovyi, M.
and List, B.
and List, J.
and Lobodzinska, E.
and Lobodzinski, B.
and L{\"o}hr, B.
and Lohrmann, E.
and Longhin, A.
and Lontkovskyi, D.
and Lukina, O. Yu.
and Makarenko, I.
and Malinovski, E.
and Malka, J.
and Martyn, H.-U.
and Maxfield, S. J.
and Mehta, A.
and Mergelmeyer, S.
and Meyer, A. B.
and Meyer, H.
and Meyer, J.
and Mikocki, S.
and Mohamad Idris, F.
and Morozov, A.
and Muhammad Nasir, N.
and M{\"u}ller, K.
and Myronenko, V.
and Nagano, K.
and Naumann, Th.
and Newman, P. R.
and Niebuhr, C.
and Nikiforov, A.
and Nobe, T.
and Notz, D.
and Nowak, G.
and Nowak, R. J.
and Olsson, J. E.
and Onishchuk, Yu.
and Ozerov, D.
and Pahl, P.
and Pascaud, C.
and Patel, G. D.
and Paul, E.
and Perez, E.
and Perla{\'{n}}ski, W.
and Petrukhin, A.
and Picuric, I.
and Pirumov, H.
and Pitzl, D.
and Pokorny, B.
and Pokrovskiy, N. S.
and Polifka, R.
and Przybycie{\'{n}}, M.
and Radescu, V.
and Raicevic, N.
and Ravdandorj, T.
and Reimer, P.
and Rizvi, E.
and Robmann, P.
and Roloff, P.
and Roosen, R.
and Rostovtsev, A.
and Rotaru, M.
and Rubinsky, I.
and Rusakov, S.
and Ruspa, M.
and {\v{S}}{\'a}lek, D.
and Sankey, D. P. C.
and Sauter, M.
and Sauvan, E.
and Saxon, D. H.
and Schioppa, M.
and Schmidke, W. B.
and Schmitt, S.
and Schneekloth, U.
and Schoeffel, L.
and Sch{\"o}ning, A.
and Sch{\"o}rner-Sadenius, T.
and Sefkow, F.
and Shcheglova, L. M.
and Shevchenko, R.
and Shkola, O.
and Shushkevich, S.
and Shyrma, Yu.
and Singh, I.
and Skillicorn, I. O.
and S{\l}omi{\'{n}}ski, W.
and Solano, A.
and Soloviev, Y.
and Sopicki, P.
and South, D.
and Spaskov, V.
and Specka, A.
and Stanco, L.
and Steder, M.
and Stefaniuk, N.
and Stella, B.
and Stern, A.
and Stopa, P.
and Straumann, U.
and Sykora, T.
and Sztuk-Dambietz, J.
and Szuba, D.
and Szuba, J.
and Tassi, E.
and Thompson, P. D.
and Tokushuku, K.
and Tomaszewska, J.
and Traynor, D.
and Trofymov, A.
and Tru{\"o}l, P.
and Tsakov, I.
and Tseepeldorj, B.
and Tsurugai, T.
and Turcato, M.
and Turkot, O.
and Turnau, J.
and Tymieniecka, T.
and Valk{\'a}rov{\'a}, A.
and Vall{\'e}e, C.
and Van Mechelen, P.
and Vazdik, Y.
and Verbytskyi, A.
and Viazlo, O.
and Walczak, R.
and Wan Abdullah, W. A. T.
and Wegener, D.
and Wichmann, K.
and Wing, M.
and Wolf, G.
and W{\"u}nsch, E.
and Yamada, S.
and Yamazaki, Y.
and {\v{Z}}{\'a}{\v{c}}ek, J.
and Zakharchuk, N.
and {\.{Z}}arnecki, A. F.
and Zawiejski, L.
and Zenaiev, O.
and Zhang, Z.
and Zhautykov, B. O.
and Zhmak, N.
and {\v{Z}}leb{\v{c}}{\'i}k, R.
and Zohrabyan, H.
and Zomer, F.
and Zotkin, D. S.",
title="Combination of measurements of inclusive deep inelastic e$^\pm$ p scattering cross sections and QCD analysis of HERA data",
journal="The European Physical Journal C",
year="2015",
volume="75",
number="12",
pages="1--98",
issn="1434-6052",
doi="10.1140/epjc/s10052-015-3710-4",
url="http://dx.doi.org/10.1140/epjc/s10052-015-3710-4"
}

@article{McLerran:2001sr,
      author         = "McLerran, Larry D.",
      title          = "{The Color glass condensate and small x physics: Four
                        lectures}",
      booktitle      = "{Lectures on quark matter. Proceedings, 40. International
                        Universitätswochen for theoretical physics, 40th Winter
                        School, IUKT 40: Schladming, Austria, March 3-10, 2001}",
      journal        = "Lect. Notes Phys.",
      volume         = "583",
      year           = "2002",
      pages          = "291-334",
      doi            = "10.1007/3-540-45792-5_8",
      eprint         = "hep-ph/0104285",
      archivePrefix  = "arXiv",
      primaryClass   = "hep-ph",
      SLACcitation   = "%%CITATION = HEP-PH/0104285;%%"
}

@article{Alver:2010gr,
      author         = "Alver, B. and Roland, G.",
      title          = "{Collision geometry fluctuations and triangular flow in
                        heavy-ion collisions}",
      journal        = "Phys. Rev.",
      volume         = "C81",
      year           = "2010",
      pages          = "054905",
      doi            = "10.1103/PhysRevC.82.039903, 10.1103/PhysRevC.81.054905",
      note           = "[Erratum: Phys. Rev.C82,039903(2010)]",
      eprint         = "1003.0194",
      archivePrefix  = "arXiv",
      primaryClass   = "nucl-th",
      SLACcitation   = "%%CITATION = ARXIV:1003.0194;%%"
}

@Article{Ghosh2001,
author="Ghosh, Tarun Kanti
and Adcox, K.
and Adler, S. S.
and Ajitanand, N.
and Akiba, Y.
and Alexander, J.
and Aphecetche, L.
and Arai, Y.
and Aronson, S. H.
and Averbeck, R.
and Awes, T. C.
and Barish, K. N.
and Barnes, P. D.
and Barrette, J.
and Bassalleck, B.
and Bathe, S.
and Baublis, V.
and Bazilevsky, A.
and Belikov, S.
and Bellaiche, F. G.
and Belyaev, S. T.
and Bennett, M. J.
and Berdnikov, Y.
and Botelho, S.
and Brooks, M. L.
and Brown, D. S.
and Bruner, N.
and Bucher, D.
and Buesching, H.
and Bumazhnov, V.
and Bunce, G.
and Burward-Hoy, J.
and Butsyk, S.
and Carey, T. A.
and Chand, P.
and Chang, J.
and Chang, W. C.
and Chavez, L. L.
and Chernichenko, S.
and Chi, C. Y.
and Chiba, J.
and Chiu, M.
and Choudhury, R. K.
and Christ, T.
and Chujo, T.
and Chung, M. S.
and Chung, P.
and Cianciolo, V.
and Cole, B. A.
and D'Enterria, D. G.
and David, G.
and Delagrange, H.
and Denisov, A.
and Deshpande, A.
and Desmond, E. J.
and Dietzsch, O.
and Dinesh, B. V.
and Drees, A.
and Durum, A.
and Dutta, D.
and Ebisu, K.
and Efremenko, Y. V.
and Chenawi, K. El
and En'yo, H.
and Esumi, S.
and Ewell, L.
and Ferdousi, T.
and Fields, D. E.
and Fokin, S. L.
and Fraenkel, Z.
and Franz, A.
and Frawley, A. D.
and Fung, S-Y
and Garpman, S.
and Ghosh, T. K.
and Glenn, A.
and Godoi, A. L.
and Goto, Y.
and Greene, S. V.
and Perdekamp, M. Grosse
and Gupta, S. K.
and Guryn, W.
and Gustafsson, H-{\AA}
and Haggerty, J. S.
and Hamagaki, H.
and Hansen, A. G.
and Hara, H.
and Hartouni, E. P.
and Hayano, R.
and Hayashi, N.
and He, X.
and Hemmick, T. K.
and Heuser, J.
and Hill, J. C.
and Ho, D. S.
and Homma, K.
and Hong, B.
and Hoover, A.
and Ichihara, T.
and Imai, K.
and Ippolitov, M. S.
and Ishihara, M.
and Jacak, B. V.
and Jang, W. Y.
and Jia, J.
and Johnson, B. M.
and Johnson, S. C.
and Joo, K. S.
and Kametani, S.
and Kang, J. H.
and Kann, M.
and Kapoor, S. S.
and Kelly, S.
and Khachaturov, B.
and Khanzadeev, A.
and Kikuchi, J.
and Kim, D. J.
and Kim, H. J.
and Kim, S. Y.
and Kim, Y. G.
and Kinnison, W. W.
and Kistenev, E.
and Kiyomichi, A.
and Klein-Boesing, C.
and Klinksiek, S.
and Kochenda, L.
and Kochetkov, D.
and Kochetkov, V.
and Koehler, D.
and Kohama, T.
and Kozlov, A.
and Kroon, P. J.
and Kurita, K.
and Kweon, M. J.
and Kwon, Y.
and Kyle, G. S.
and Lacey, R.
and Lajoie, J. G.
and Lauret, J.
and Lebedev, A.
and Lee, D. M.
and Leitch, M. J.
and Li, X. H.
and Li, Z.
and Lim, D. J.
and Liu, M. X.
and Liu, X.
and Liu, Z.
and Maguire, C. F.
and Mahon, J.
and Makdisi, Y. I.
and Manko, V. I.
and Mao, Y.
and Mark, S. K.
and Markacs, S.
and Martinez, G.
and Marx, M. D.
and Masaike, A.
and Matathias, F.
and Matsumoto, T.
and McGaughey, P. L.
and Melnikov, E.
and Merschmeier, M.
and Messer, F.
and Messer, M.
and Miake, Y.
and Miller, T. E.
and Milov, A.
and Mioduszewski, S.
and Mischke, R. E.
and Mishra, G. C.
and Mitchell, J. T.
and Mohanty, A. K.
and Morrison, D. P.
and Moss, J. M.
and M{\"u}hlbacher, F.
and Muniruzzaman, M.
and Murata, J.
and Nagamiya, S.
and Nagasaka, Y.
and Nagle, J. L.
and Nakada, Y.
and Nandi, B. K.
and Newby, J.
and Nikkinen, L.
and Nilsson, P.
and Nishimura, S.
and Nyanin, A. S.
and Nystrand, J.
and O'Brien, E.
and Ogilvie, C. A.
and Ohnishi, H.
and Ojha, I. D.
and Ono, M.
and Onuchin, V.
and Oskarsson, A.
and {\"O}sterman, L.
and Otterlund, I.
and Oyama, K.
and Paffrath, L.
and Palounek, A. P. T.
and Pantuev, V. S.
and Papavassiliou, V.
and Pate, S. F.
and Peitzmann, T.
and Petridis, A. N.
and Pinkenburg, C.
and Pisani, R. P.
and Pitukhin, P.
and Plasil, F.
and Pollack, M.
and Pope, K.
and Purschke, M. L.
and Ravinovich, I.
and Read, K. F.
and Reygers, K.
and Riabov, V.
and Riabov, Y.
and Rosati, M.
and Rose, A. A.
and Ryu, S. S.
and Saito, N.
and Sakaguchi, A.
and Sakaguchi, T.
and Sako, H.
and Sakuma, T.
and Samsonov, V.
and Sangster, T. C.
and Santo, R.
and Sato, H. D.
and Sato, S.
and Sawada, S.
and Schlei, B. R.
and Schutz, Y.
and Semenov, V.
and Seto, R.
and Shea, T. K.
and Shein, I.
and Shibata, T-A
and Shigaki, K.
and Shiina, T.
and Shin, Y. H.
and Sibiriak, I. G.
and Silvermyr, D.
and Sim, K. S.
and Simon-Gillo, J.
and Singh, C. P.
and Singh, V.
and Sivertz, M.
and Soldatov, A.
and Soltz, R. A.
and Sorensen, S.
and Stankus, P. W.
and Starinsky, N.
and Steinberg, P.
and Stenlund, E.
and Ster, A.
and Stoll, S. P.
and Sugioka, M.
and Sugitate, T.
and Sullivan, J. P.
and Sumi, Y.
and Sun, Z.
and Suzuki, M.
and Takagui, E. M.
and Taketani, A.
and Tamai, M.
and Tanaka, K. H.
and Tanaka, Y.
and Taniguchi, E.
and Tannenbaum, M. J.
and Thomas, J.
and Thomas, J. H.
and Thomas, T. L.
and Tian, W.
and Tojo, J.
and Torii, H.
and Towell, R. S.
and Tserruya, I.
and Tsuruoka, H.
and Tsvetkov, A. A.
and Tuli, S. K.
and Tydesj{\"o}, H.
and Tyurin, N.
and Ushiroda, T.
and van Hecke, H. W.
and Velissaris, C.
and Velkovska, J.
and Velkovsky, M.
and Vinogradov, A. A.
and Volkov, M. A.
and Vorobyov, A.
and Vznuzdaev, E.
and Wang, H.
and Watanabe, Y.
and White, S. N.
and Witzig, C.
and Wohn, F. K.
and Woody, C. L.
and Xie, W.
and {etal}",
title="First results from RHIC-PHENIX",
journal="Pramana",
year="2001",
volume="57",
number="2",
pages="355--369",
abstract="The PHENIX experiment consists of a large detector system located at the newly commissioned relativistic heavy ion collider (RHIC) at the Brookhaven National Laboratory. The primary goal of the PHENIX experiment is to look for signatures of the QCD prediction of a deconfined high-energy-density phase of nuclear matter quark gluon plasma. PHENIX started data taking for Au+Au collisions at {\textsurd}sNN=130 GeV in June 2000. The signals from the beam-beam counter (BBC) and zero degree calorimeter (ZDC) are used to determine the centrality of the collision. A Glauber model reproduces the ZDC spectrum reasonably well to determine the participants in a collision. Charged particle multiplicity distribution from the first PHENIX paper is compared with the other RHIC experiment and the CERN, SPS results. Transverse momentum of photons are measured in the electro-magnetic calorimeter (EMCal) and preliminary results are presented. Particle identification is made by a time of flight (TOF) detector and the results show clear separation of the charged hadrons from each other.",
issn="0973-7111",
doi="10.1007/s12043-001-0045-5",
url="http://dx.doi.org/10.1007/s12043-001-0045-5"
}
@article{PDGcrosssection,
Title={Data files and plots of cross-sections and related quantities 
in the 2014 Review of Particle Physics},
Author = {K.A. Olive et al. (Particle Data Group)},
Journal ={Chin. Phys. C}, 
Volume = {38},
Number = {090001},
Year = {2014}
}


@inproceedings{Itakura2012,
  author="Itakura, Kazu",
  title="Introduction to the Color Glass Condensate",
  url="http://indico.cern.ch/event/181213/contributions/1447651/attachments/242902/340020/1-Kazunori_Itakura.pdf",
  month="October",
  year="2012",
  journal="8th International Workshop on High $p_T$ Physics at LHC 2012" 
}

@article{Fries:2006pv,
      author         = "Fries, R. J. and Kapusta, J. I. and Li, Y.",
      title          = "{Near-fields and initial energy density in the color
                        glass condensate model}",
      year           = "2006",
      eprint         = "nucl-th/0604054",
      archivePrefix  = "arXiv",
      primaryClass   = "nucl-th",
      SLACcitation   = "%%CITATION = NUCL-TH/0604054;%%"
}

@article{Fujii:2008dd,
      author         = "Fujii, Hirotsugu and Itakura, Kazunori",
      title          = "{Expanding color flux tubes and instabilities}",
      journal        = "Nucl. Phys.",
      volume         = "A809",
      year           = "2008",
      pages          = "88-109",
      doi            = "10.1016/j.nuclphysa.2008.05.016",
      eprint         = "0803.0410",
      archivePrefix  = "arXiv",
      primaryClass   = "hep-ph",
      SLACcitation   = "%%CITATION = ARXIV:0803.0410;%%"
}

@inproceedings{McLerran:2008es,
      author         = "McLerran, Larry",
      title          = "{A Brief Introduction to the Color Glass Condensate and
                        the Glasma}",
      booktitle      = "{Proceedings, 38th International Symposium on
                        Multiparticle Dynamics (ISMD08): Hamburg, Germany,
                        September 15-20, 2008}",
      url            = "https://inspirehep.net/record/806434/files/arXiv:0812.4989.pdf",
      year           = "2008",
      pages          = "3-18",
      doi            = "10.3204/DESY-PROC-2009-01/26",
      eprint         = "0812.4989",
      archivePrefix  = "arXiv",
      primaryClass   = "hep-ph",
      SLACcitation   = "%%CITATION = ARXIV:0812.4989;%%"
}

@article{EBISupgrade,
	Author = {A. Pikin et al.}, 
	Title = {RHIC EBIS: basics of design and status of commissioning.},
    Journal = {Journal of Instrumentation},
    Volume = {5},
    Month = {September},
    Year = {2010},
    Url = {http://iopscience.iop.org/article/10.1088/1748-0221/5/09/C09003/pdf},
    Number = {C09003}
    }

@article{RHIClum,
	Author = {M. Blaskiewicz, J. M. Brennan and K. Mernick},
    Title = {Three-Dimensional Stochastic Cooling in the Relativistic Heavy Ion Collider},
    Journal = {Phys. Rev. Lett.},
    Volume = {105},
    Number = {094801},
    Month = {August},
    Year = {2010},
    Url = {http://journals.aps.org/prl/abstract/10.1103/PhysRevLett.105.094801}
    }

@article{RXNPfocus,
Author ={Abby Bickley},
Title = {The Physics of the Reaction Plane Detector},
Journal = {FOCUS Talk},
Month = {February},
Year = {2007},
Url = {http://www.phenix.bnl.gov/phenix/WWW/intro/detectors/focus/focus_rxnp.pdf}
}

@article{RXNPfocusER,
Author ={Eric Richardson},
Title = {The Reaction Plane Detector},
Journal = {FOCUS Talk},
Month = {January},
Year = {2007},
Url = {https://www.phenix.bnl.gov/WWW/run/07/focus/talks/rxnp/RXNP_Detector_PHENIX_Focus_Talk.pdf}
}

@article{phenixcentrality,
Author ={Nagle, Jamie and Beckman, Shawn and Orjuela-Koop, Javier and Sickles, Anne},
Title = {PHENIX Run-08 dAu A 200 GeV Centrality Categorization: Addendum},
Journal = {PHENIX internal analysis notes},
Volume ={AN1087},
Month = {February},
Year = {2013},
Url = {http://www.phenix.bnl.gov/phenix/WWW/p/info/an/1087/Run8_dAu_200GeV_Centrality_Addendum-01.pdf}
}

@article{Nagle:2006,
Author ={Jamie Nagle},
Title = {The Physics of Relativistic Heavy Ion Collisions},
Journal = {18th National Nuclear Physics Summer School},
Month = {July},
Year = {2006}
}

@article{PhysRevD.10.1649,
  title = {Possible non-Regge behavior of electroproduction structure functions},
  author = {De R\'ujula, A. and Glashow, S. L. and Politzer, H. D. and Treiman, S. B. and Wilczek, F. and Zee, A.},
  journal = {Phys. Rev. D},
  volume = {10},
  issue = {5},
  pages = {1649--1652},
  numpages = {0},
  year = {1974},
  month = {Sep},
  publisher = {American Physical Society},
  doi = {10.1103/PhysRevD.10.1649},
  url = {http://link.aps.org/doi/10.1103/PhysRevD.10.1649}
}


@article{HemmickRHIClecture,
Author ={Thomas K Hemmick},
Title = {A Pederstrian's Guide to RHIC and its Experiments},
Journal = {CERN-Fermilab HCP Summer School},
Month = {June},
Year = {2011},
Url = {https://indico.cern.ch/event/108003/contributions/33516/attachments/25129/36169/THemmick_Lecture2.pdf}
}

@article{Miller:2007ri,
      author         = "Miller, Michael L. and Reygers, Klaus and Sanders,
                        Stephen J. and Steinberg, Peter",
      title          = "{Glauber modeling in high energy nuclear collisions}",
      journal        = "Ann. Rev. Nucl. Part. Sci.",
      volume         = "57",
      year           = "2007",
      pages          = "205-243",
      doi            = "10.1146/annurev.nucl.57.090506.123020",
      eprint         = "nucl-ex/0701025",
      archivePrefix  = "arXiv",
      primaryClass   = "nucl-ex",
      SLACcitation   = "%%CITATION = NUCL-EX/0701025;%%"
}

@article{Schenke:2014gaa,
      author         = "Schenke, Björn and Venugopalan, Raju",
      title          = "{Collective effects in light–heavy ion collisions}",
      booktitle      = "{Proceedings, 24th International Conference on
                        Ultra-Relativistic Nucleus-Nucleus Collisions (Quark
                        Matter 2014): Darmstadt, Germany, May 19-24, 2014}",
      journal        = "Nucl. Phys.",
      volume         = "A931",
      year           = "2014",
      pages          = "1039-1044",
      doi            = "10.1016/j.nuclphysa.2014.08.092",
      eprint         = "1407.7557",
      archivePrefix  = "arXiv",
      primaryClass   = "nucl-th",
      SLACcitation   = "%%CITATION = ARXIV:1407.7557;%%"
}

@Article{Romatschke2015,
author="Romatschke, P.",
title="Light-heavy-ion collisions: a window into pre-equilibrium QCD dynamics?",
journal="The European Physical Journal C",
year="2015",
volume="75",
number="7",
pages="1--15",
abstract="Relativistic collisions of light on heavy ions (p + Au at                                                                           {\$}{\$}{\backslash}sqrt{\{}s{\}}=7.7{\$}{\$}                                                                                                              s                                                =                        7.7                                                                             GeV, p + Au , d + Au ,                                                                          {\$}{\$}^3{\$}{\$}                                                                                                            3                                                                            He + Au at                                                                           {\$}{\$}{\backslash}sqrt{\{}s{\}}=62.4{\$}{\$}                                                                                                              s                                                =                        62.4                                                                             GeV and 200 GeV and p + Pb ,                                                                          {\$}{\$}^3{\$}{\$}                                                                                                            3                                                                            He + Pb at                                                                           {\$}{\$}{\backslash}sqrt{\{}s{\}}=5.02{\$}{\$}                                                                                                              s                                                =                        5.02                                                                             TeV) are simulated using ``superSONIC'', a model that includes pre-equilibrium flow, viscous hydrodynamics and a hadronic cascade afterburner. Even though these systems have strong gradients and only consist of at most a few tens of charged particles per unit rapidity, one finds evidence that a hydrodynamic description applies to these systems. Based on these simulations, the presence of a triangular flow component in d + Au collisions at                                                                           {\$}{\$}{\backslash}sqrt{\{}s{\}}=200{\$}{\$}                                                                                                              s                                                =                        200                                                                             GeV is predicted to be similar in magnitude to that found in                                                                           {\$}{\$}^3{\$}{\$}                                                                                                            3                                                                            He + Au collisions. Furthermore, the                                                                           {\$}{\$}v{\_}3(p{\_}T){\$}{\$}                                                                                                              v                          3                                                                          (                                                      p                            T                                                    )                                                                                                     ratio of                                                                           {\$}{\$}^3{\$}{\$}                                                                                                            3                                                                            He + Au to d + Au is found to be sensitive to the presence of pre-equilibrium flow. This would imply an experimentally accessible window into pre-equilibrium QCD dynamics using light-heavy-ion collisions.",
issn="1434-6052",
doi="10.1140/epjc/s10052-015-3509-3",
url="http://dx.doi.org/10.1140/epjc/s10052-015-3509-3"
}



@article{PhysRevC.78.034915,
  title = {Conformal relativistic viscous hydrodynamics: Applications to RHIC results at $\sqrt{{s}_{\mathit{NN}}}=200$ GeV},
  author = {Luzum, Matthew and Romatschke, Paul},
  journal = {Phys. Rev. C},
  volume = {78},
  issue = {3},
  pages = {034915},
  numpages = {17},
  year = {2008},
  month = {Sep},
  publisher = {American Physical Society},
  doi = {10.1103/PhysRevC.78.034915},
  url = {http://link.aps.org/doi/10.1103/PhysRevC.78.034915}
}

@article{velkovska:lec12,
  title="Lecture 12: Hydrodynamics in Heavy Ion Collisons, Elliptic Flow",
  author="Julia Velkovska",
  url="http://phenix.vanderbilt.edu/~velkovja/VUteach/PHYS340a07/Lecture12.pdf",
  school="Vanderbilt University"
}


@article{PhysRevLett.48.1066,
  title = {Strangeness Production in the Quark-Gluon Plasma},
  author = {Rafelski, Johann and M\"uller, Berndt},
  journal = {Phys. Rev. Lett.},
  volume = {48},
  issue = {16},
  pages = {1066--1069},
  numpages = {0},
  year = {1982},
  month = {Apr},
  publisher = {American Physical Society},
  doi = {10.1103/PhysRevLett.48.1066},
  url = {http://link.aps.org/doi/10.1103/PhysRevLett.48.1066}
}

@article{statmechofquarks,
  title="Statistical Mechanics of Quarks and Hadrons",
  author="Hagedorn R. and Rafelski J.",
  year="1981",
  publisher="Amsterdam: North-Holland",
  pages="237"
}

@article{huangQM2015,
  author="Shengli Huang",
  title="PHENIX results on collectivity in 3He+Au collisions",
  booktitle="Proceedings, Quark Matter 2015 - XXV International Conference on Ultrarelativistic Nucleus-Nucleus Collisions.",
  month="September",
  year="2015"
}

@article{Noferini:2012ps,
      author         = "Noferini, Francesco",
      title          = "{Anisotropic flow of identified particles in Pb-Pb
                        collisions at $\sqrt{s_{NN}} = 2.76$ TeV measured with
                        ALICE at the LHC}",
      booktitle      = "{Proceedings, 23rd International Conference on
                        Ultrarelativistic Nucleus-Nucleus Collisions : Quark
                        Matter 2012 (QM 2012): Washington, DC, USA, August 13-18,
                        2012}",
      collaboration  = "ALICE",
      journal        = "Nucl. Phys.",
      volume         = "A904-905",
      year           = "2013",
      pages          = "483c-486c",
      doi            = "10.1016/j.nuclphysa.2013.02.058",
      eprint         = "1212.1292",
      archivePrefix  = "arXiv",
      primaryClass   = "nucl-ex",
      SLACcitation   = "%%CITATION = ARXIV:1212.1292;%%"
}

@article{Adare:2014keg,
      author         = "Adare, A. and others",
      title          = "{Measurement of long-range angular correlation and
                        quadrupole anisotropy of pions and (anti)protons in
                        central $d$$+$Au collisions at $\sqrt{s_{_{NN}}}$=200
                        GeV}",
      collaboration  = "PHENIX",
      journal        = "Phys. Rev. Lett.",
      volume         = "114",
      year           = "2015",
      number         = "19",
      pages          = "192301",
      doi            = "10.1103/PhysRevLett.114.192301",
      eprint         = "1404.7461",
      archivePrefix  = "arXiv",
      primaryClass   = "nucl-ex",
      SLACcitation   = "%%CITATION = ARXIV:1404.7461;%%"
}

@article{Nagle:2013lja,
      author         = "Nagle, J. L. and Adare, A. and Beckman, S. and Koblesky,
                        T. and Orjuela Koop, J. and McGlinchey, D. and Romatschke,
                        P. and Carlson, J. and Lynn, J. E. and McCumber, M.",
      title          = "{Exploiting Intrinsic Triangular Geometry in Relativistic
                        He3+Au Collisions to Disentangle Medium Properties}",
      journal        = "Phys. Rev. Lett.",
      volume         = "113",
      year           = "2014",
      number         = "11",
      pages          = "112301",
      doi            = "10.1103/PhysRevLett.113.112301",
      eprint         = "1312.4565",
      archivePrefix  = "arXiv",
      primaryClass   = "nucl-th",
      SLACcitation   = "%%CITATION = ARXIV:1312.4565;%%"
}

@article{Muller:2011tu,
      author         = "Muller, Berndt",
      title          = "{Strangeness and the Quark-Gluon Plasma: Thirty Years of
                        Discovery}",
      booktitle      = "{Proceedings, International Conference on Strangeness in
                        Quark Matter (SQM 2011): Cracow, Poland, September 18-24,
                        2011. Parallel talks}",
      journal        = "Acta Phys. Polon.",
      volume         = "B43",
      year           = "2012",
      pages          = "761",
      doi            = "10.5506/APhysPolB.43.761",
      eprint         = "1112.5382",
      archivePrefix  = "arXiv",
      primaryClass   = "nucl-th",
      SLACcitation   = "%%CITATION = ARXIV:1112.5382;%%"
}
@article{DAQfocus,
Author ={Eric Richardson},
Title = {The PHENIX Trigger System},
Journal = {FOCUS Talk},
Month = {April},
Year = {2004},
Url = {http://www.phenix.bnl.gov/phenix/WWW/intro/dataflow/talks/lvl1_talk.pdf}
}

@article{BBCfocus,
Author ={Tomoaki Nakamura},
Title = {Introduction to PHENIX Beam Beam Counter (BBC)},
Journal = {FOCUS Talk},
Month = {December},
Year = {2002},
Url = {https://www.phenix.bnl.gov/WWW/intro/detectors/focus/focus_bbc.pdf}
}

@article{PhysRevLett.30.1346,
  title = {Reliable Perturbative Results for Strong Interactions?},
  author = {Politzer, H. David},
  journal = {Phys. Rev. Lett.},
  volume = {30},
  issue = {26},
  pages = {1346--1349},
  numpages = {0},
  year = {1973},
  month = {Jun},
  publisher = {American Physical Society},
  doi = {10.1103/PhysRevLett.30.1346},
  url = {http://link.aps.org/doi/10.1103/PhysRevLett.30.1346}
}


@article{PhysRevD.8.3633,
  title = {Asymptotically Free Gauge Theories. I},
  author = {Gross, David J. and Wilczek, Frank},
  journal = {Phys. Rev. D},
  volume = {8},
  issue = {10},
  pages = {3633--3652},
  numpages = {0},
  year = {1973},
  month = {Nov},
  publisher = {American Physical Society},
  doi = {10.1103/PhysRevD.8.3633},
  url = {http://link.aps.org/doi/10.1103/PhysRevD.8.3633}
}


@article{Mitchell:2002wu,
      author         = "Mitchell, J. T. and others",
      title          = "{Event reconstruction in the PHENIX central arm
                        spectrometers}",
      collaboration  = "PHENIX",
      journal        = "Nucl. Instrum. Meth.",
      volume         = "A482",
      year           = "2002",
      pages          = "491-512",
      doi            = "10.1016/S0168-9002(01)01512-1",
      eprint         = "nucl-ex/0201013",
      archivePrefix  = "arXiv",
      primaryClass   = "nucl-ex",
      reportNumber   = "BNL-68320",
      SLACcitation   = "%%CITATION = NUCL-EX/0201013;%%"
}

@article{EMCfocus,
Author ={Henner Buesching},
Title = {The Electromagnetic Calorimeter},
Journal = {FOCUS Talk},
Month = {February},
Year = {2003},
Url = {http://www.phenix.bnl.gov/phenix/WWW/intro/detectors/focus/focus_emc.pdf}
}

@article{DCfocus,
Author= {Sergey Butsyk},
Title = {PHENIX Drift Chamber Operation Principles},
Journal = {FOCUS Talk},
Month = {January},
Year = {2003},
Url = {http://www.phenix.bnl.gov/phenix/WWW/intro/detectors/focus/focus_dch.pdf }
}

@article{PhysRevC.88.024906,
  title = {Spectra and ratios of identified particles in Au+Au and $d$+Au collisions at $\sqrt{{s}_{NN}}=200$ GeV},
  author = {Adare, A. and Afanasiev, S. and Aidala, C. and Ajitanand, N. N. and Akiba, Y. and Al-Bataineh, H. and Alexander, J. and Angerami, A. and Aoki, K. and Apadula, N. and Aramaki, Y. and Atomssa, E. T. and Averbeck, R. and Awes, T. C. and Azmoun, B. and Babintsev, V. and Bai, M. and Baksay, G. and Baksay, L. and Barish, K. N. and Bassalleck, B. and Basye, A. T. and Bathe, S. and Baublis, V. and Baumann, C. and Bazilevsky, A. and Belikov, S. and Belmont, R. and Bennett, R. and Berdnikov, A. and Berdnikov, Y. and Bhom, J. H. and Bickley, A. A. and Blau, D. S. and Bok, J. S. and Boyle, K. and Brooks, M. L. and Buesching, H. and Bumazhnov, V. and Bunce, G. and Butsyk, S. and Camacho, C. M. and Campbell, S. and Caringi, A. and Chen, C.-H. and Chi, C. Y. and Chiu, M. and Choi, I. J. and Choi, J. B. and Choudhury, R. K. and Christiansen, P. and Chujo, T. and Chung, P. and Chvala, O. and Cianciolo, V. and Citron, Z. and Cole, B. A. and Conesa del Valle, Z. and Connors, M. and Constantin, P. and Csan\'ad, M. and Cs\"org\ifmmode \mbox{\H{o}}\else \H{o}\fi{}, T. and Dahms, T. and Dairaku, S. and Danchev, I. and Das, K. and Datta, A. and David, G. and Dayananda, M. K. and Denisov, A. and Deshpande, A. and Desmond, E. J. and Dharmawardane, K. V. and Dietzsch, O. and Dion, A. and Donadelli, M. and Drapier, O. and Drees, A. and Drees, K. A. and Durham, J. M. and Durum, A. and Dutta, D. and D'Orazio, L. and Edwards, S. and Efremenko, Y. V. and Ellinghaus, F. and Engelmore, T. and Enokizono, A. and En'yo, H. and Esumi, S. and Fadem, B. and Fields, D. E. and Finger, M. and Finger, M. and Fleuret, F. and Fokin, S. L. and Fraenkel, Z. and Frantz, J. E. and Franz, A. and Frawley, A. D. and Fujiwara, K. and Fukao, Y. and Fusayasu, T. and Garishvili, I. and Glenn, A. and Gong, H. and Gonin, M. and Goto, Y. and Granier de Cassagnac, R. and Grau, N. and Greene, S. V. and Grim, G. and Grosse Perdekamp, M. and Gunji, T. and Gustafsson, H.-\AA{}. and Haggerty, J. S. and Hahn, K. I. and Hamagaki, H. and Hamblen, J. and Han, R. and Hanks, J. and Hartouni, E. P. and Haslum, E. and Hayano, R. and He, X. and Heffner, M. and Hemmick, T. K. and Hester, T. and Hill, J. C. and Hohlmann, M. and Holzmann, W. and Homma, K. and Hong, B. and Horaguchi, T. and Hornback, D. and Huang, S. and Ichihara, T. and Ichimiya, R. and Ide, J. and Ikeda, Y. and Imai, K. and Inaba, M. and Isenhower, D. and Ishihara, M. and Isobe, T. and Issah, M. and Isupov, A. and Ivanischev, D. and Iwanaga, Y. and Jacak, B. V. and Jia, J. and Jiang, X. and Jin, J. and Johnson, B. M. and Jones, T. and Joo, K. S. and Jouan, D. and Jumper, D. S. and Kajihara, F. and Kametani, S. and Kamihara, N. and Kamin, J. and Kang, J. H. and Kapustinsky, J. and Karatsu, K. and Kasai, M. and Kawall, D. and Kawashima, M. and Kazantsev, A. V. and Kempel, T. and Khanzadeev, A. and Kijima, K. M. and Kikuchi, J. and Kim, A. and Kim, B. I. and Kim, D. H. and Kim, D. J. and Kim, E. and Kim, E.-J. and Kim, S. H. and Kim, Y.-J. and Kinney, E. and Kiriluk, K. and Kiss, \'A. and Kistenev, E. and Kleinjan, D. and Kochenda, L. and Komkov, B. and Konno, M. and Koster, J. and Kotchetkov, D. and Kozlov, A. and Kr\'al, A. and Kravitz, A. and Kunde, G. J. and Kurita, K. and Kurosawa, M. and Kwon, Y. and Kyle, G. S. and Lacey, R. and Lai, Y. S. and Lajoie, J. G. and Lebedev, A. and Lee, D. M. and Lee, J. and Lee, K. and Lee, K. B. and Lee, K. S. and Leitch, M. J. and Leite, M. A. L. and Leitner, E. and Lenzi, B. and Li, X. and Lichtenwalner, P. and Liebing, P. and Linden Levy, L. A. and Li\ifmmode \check{s}\else \v{s}\fi{}ka, T. and Litvinenko, A. and Liu, H. and Liu, M. X. and Love, B. and Luechtenborg, R. and Lynch, D. and Maguire, C. F. and Makdisi, Y. I. and Malakhov, A. and Malik, M. D. and Manko, V. I. and Mannel, E. and Mao, Y. and Masui, H. and Matathias, F. and McCumber, M. and McGaughey, P. L. and McGlinchey, D. and Means, N. and Meredith, B. and Miake, Y. and Mibe, T. and Mignerey, A. C. and Mike\ifmmode \check{s}\else \v{s}\fi{}, P. and Miki, K. and Milov, A. and Mishra, M. and Mitchell, J. T. and Mohanty, A. K. and Moon, H. J. and Morino, Y. and Morreale, A. and Morrison, D. P. and Moukhanova, T. V. and Murakami, T. and Murata, J. and Nagamiya, S. and Nagle, J. L. and Naglis, M. and Nagy, M. I. and Nakagawa, I. and Nakamiya, Y. and Nakamura, K. R. and Nakamura, T. and Nakano, K. and Nam, S. and Newby, J. and Nguyen, M. and Nihashi, M. and Nouicer, R. and Nyanin, A. S. and Oakley, C. and O'Brien, E. and Oda, S. X. and Ogilvie, C. A. and Oka, M. and Okada, K. and Onuki, Y. and Oskarsson, A. and Ouchida, M. and Ozawa, K. and Pak, R. and Pantuev, V. and Papavassiliou, V. and Park, I. H. and Park, J. and Park, S. K. and Park, W. J. and Pate, S. F. and Pei, H. and Peng, J.-C. and Pereira, H. and Peresedov, V. and Peressounko, D. Yu. and Petti, R. and Pinkenburg, C. and Pisani, R. P. and Proissl, M. and Purschke, M. L. and Purwar, A. K. and Qu, H. and Rak, J. and Rakotozafindrabe, A. and Ravinovich, I. and Read, K. F. and Rembeczki, S. and Reygers, K. and Riabov, V. and Riabov, Y. and Richardson, E. and Roach, D. and Roche, G. and Rolnick, S. D. and Rosati, M. and Rosen, C. A. and Rosendahl, S. S. E. and Rosnet, P. and Rukoyatkin, P. and Ru\ifmmode \check{z}\else \v{z}\fi{}i\ifmmode \check{c}\else \v{c}\fi{}ka, P. and Sahlmueller, B. and Saito, N. and Sakaguchi, T. and Sakashita, K. and Samsonov, V. and Sano, S. and Sato, T. and Sawada, S. and Sedgwick, K. and Seele, J. and Seidl, R. and Semenov, A. Yu. and Seto, R. and Sharma, D. and Shein, I. and Shibata, T.-A. and Shigaki, K. and Shimomura, M. and Shoji, K. and Shukla, P. and Sickles, A. and Silva, C. L. and Silvermyr, D. and Silvestre, C. and Sim, K. S. and Singh, B. K. and Singh, C. P. and Singh, V. and Slune\ifmmode \check{c}\else \v{c}\fi{}ka, M. and Soltz, R. A. and Sondheim, W. E. and Sorensen, S. P. and Sourikova, I. V. and Sparks, N. A. and Stankus, P. W. and Stenlund, E. and Stoll, S. P. and Sugitate, T. and Sukhanov, A. and Sziklai, J. and Takagui, E. M. and Taketani, A. and Tanabe, R. and Tanaka, Y. and Taneja, S. and Tanida, K. and Tannenbaum, M. J. and Tarafdar, S. and Taranenko, A. and Tarj\'an, P. and Themann, H. and Thomas, D. and Thomas, T. L. and Togawa, M. and Toia, A. and Tom\'a\ifmmode \check{s}\else \v{s}\fi{}ek, L. and Torii, H. and Towell, R. S. and Tserruya, I. and Tsuchimoto, Y. and Vale, C. and Valle, H. and van Hecke, H. W. and Vazquez-Zambrano, E. and Veicht, A. and Velkovska, J. and V\'ertesi, R. and Vinogradov, A. A. and Virius, M. and Vrba, V. and Vznuzdaev, E. and Wang, X. R. and Watanabe, D. and Watanabe, K. and Watanabe, Y. and Wei, F. and Wei, R. and Wessels, J. and White, S. N. and Winter, D. and Wood, J. P. and Woody, C. L. and Wright, R. M. and Wysocki, M. and Xie, W. and Yamaguchi, Y. L. and Yamaura, K. and Yang, R. and Yanovich, A. and Ying, J. and Yokkaichi, S. and You, Z. and Young, G. R. and Younus, I. and Yushmanov, I. E. and Zajc, W. A. and Zhang, C. and Zhou, S. and Zolin, L.},
  collaboration = {PHENIX Collaboration},
  journal = {Phys. Rev. C},
  volume = {88},
  issue = {2},
  pages = {024906},
  numpages = {16},
  year = {2013},
  month = {Aug},
  publisher = {American Physical Society},
  doi = {10.1103/PhysRevC.88.024906},
  url = {http://link.aps.org/doi/10.1103/PhysRevC.88.024906}
}

@article{PhysRevLett.93.082302,
  title = {Final-State Interaction as the Origin of the Cronin Effect},
  author = {Hwa, Rudolph C. and Yang, C. B.},
  journal = {Phys. Rev. Lett.},
  volume = {93},
  issue = {8},
  pages = {082302},
  numpages = {4},
  year = {2004},
  month = {Aug},
  publisher = {American Physical Society},
  doi = {10.1103/PhysRevLett.93.082302},
  url = {http://link.aps.org/doi/10.1103/PhysRevLett.93.082302}
}


@article{PhysRevC.70.024905,
  title = {Recombination of shower partons at high ${p}_{T}$ in heavy-ion collisions},
  author = {Hwa, Rudolph C. and Yang, C. B.},
  journal = {Phys. Rev. C},
  volume = {70},
  issue = {2},
  pages = {024905},
  numpages = {11},
  year = {2004},
  month = {Aug},
  publisher = {American Physical Society},
  doi = {10.1103/PhysRevC.70.024905},
  url = {http://link.aps.org/doi/10.1103/PhysRevC.70.024905}
}

@article{PCfocus,
Author= {Anders Oskarsson},
Title = {The Pad chambers},
Journal = {FOCUS Talk},
Month = {January},
Year = {2003},
Url = { http://www.phenix.bnl.gov/phenix/WWW/intro/detectors/focus/focus_pc.pdf}
}

@article{TOFfocus,
Author= {Hiroshi Masui},
Title = {PHENIX Focus: Time of Flight},
Journal = {FOCUS Talk},
Month = {February},
Year = {2004},
Url = {http://www.phenix.bnl.gov/phenix/WWW/intro/detectors/focus/focus_tof.pdf}
}

@article{ZDCfocus,
Author= {Mickey Chiu},
Title = {PHENIX Focus: Zero Degree Calorimeter},
Journal = {FOCUS Talk},
Month = {December},
Year = {2003},
Url = {http://www.phenix.bnl.gov/WWW/run/04/focus/talks/zdc/zdc_talk_files/v3_document.htm}
}

@phdthesis{kleinjanthesis,
Author= {David William Kleinjan},
Title = {Measurement of the Transverse Single Spin Asymmetry and the Invariant Cross
Section of Inclusive Eta Mesons Produced from Transversely Polarized
Proton-Proton Collisions at Center of Mass Energy of 200 GeV.},
School = {University of California, Riverside},
Year = {2014}
}

@phdthesis{rolnickthesis,
Author= {Sky Deva Rolnick},
Title = {Measurement of Dielectron Continuum in p + p at sqrt(s) = 200 GeV as a Baseline study for Chiral Symmetry Restoration},
School = {University of California, Riverside},
Year = {2015}
}

@phdthesis{schaeferthesis,
Author= {Brennan C. Schaefer},
Title = {Measurements of directed, elliptic, and triangular flow of charged hadrons from Cu+Au collisions at sqrt(s) = 200 GeV with PHENIX at RHIC},
School = {Vanderbilt University},
Year = {2016}
}

@article{OHLSSON199277,
title = "Track finding with deformable templates — the elastic arms approach",
journal = "Computer Physics Communications",
volume = "71",
number = "1",
pages = "77 - 98",
year = "1992",
note = "",
issn = "0010-4655",
doi = "http://dx.doi.org/10.1016/0010-4655(92)90074-9",
url = "http://www.sciencedirect.com/science/article/pii/0010465592900749",
author = "Mattias Ohlsson and Carsten Peterson and Alan L. Yuille",

}

@article{CMSRPC,
Author= {Lucas Taylor},
Title = {Resistive Plate Chambers},
Journal = {CMS Detectors Web Page},
Month = {November},
Year = {2011},
Url = {http://cms.web.cern.ch/news/resistive-plate-chambers}
}

@article{Akindinov:2000rq,
      author         = "Akindinov, A. and others",
      title          = "{The multigap resistive plate chamber as a time-of-flight
                        detector}",
      booktitle      = "{Resistive plate chambers and related detectors
                        Proceedings, 5th International Workshop, RPC'99, Bari,
                        Italy, October 28-29, 1999}",
      journal        = "Nucl. Instrum. Meth.",
      volume         = "A456",
      year           = "2000",
      pages          = "16-22",
      doi            = "10.1016/S0168-9002(00)00954-2",
      SLACcitation   = "%%CITATION = NUIMA,A456,16;%%"
}

@article{Collins:1974ky,
      author         = "Collins, John C. and Perry, M. J.",
      title          = "{Superdense Matter: Neutrons Or Asymptotically Free
                        Quarks?}",
      journal        = "Phys. Rev. Lett.",
      volume         = "34",
      year           = "1975",
      pages          = "1353",
      doi            = "10.1103/PhysRevLett.34.1353",
      reportNumber   = "DAMTP 74/26",
      SLACcitation   = "%%CITATION = PRLTA,34,1353;%%"
}

@article{Adcox:2004mh,
      author         = "Adcox, K. and others",
      title          = "{Formation of dense partonic matter in relativistic
                        nucleus-nucleus collisions at RHIC: Experimental
                        evaluation by the PHENIX collaboration}",
      collaboration  = "PHENIX",
      journal        = "Nucl. Phys.",
      volume         = "A757",
      year           = "2005",
      pages          = "184-283",
      doi            = "10.1016/j.nuclphysa.2005.03.086",
      eprint         = "nucl-ex/0410003",
      archivePrefix  = "arXiv",
      primaryClass   = "nucl-ex",
      SLACcitation   = "%%CITATION = NUCL-EX/0410003;%%"
}

@article{Shuryak:1980tp,
      author         = "Shuryak, Edward V.",
      title          = "{Quantum Chromodynamics and the Theory of Superdense
                        Matter}",
      journal        = "Phys. Rept.",
      volume         = "61",
      year           = "1980",
      pages          = "71-158",
      doi            = "10.1016/0370-1573(80)90105-2",
      SLACcitation   = "%%CITATION = PRPLC,61,71;%%"
}
@article{cernhifireball,
Author= {Alberica Toia},
Title = {Participants and spectators at the heavy-ion fireball},
Journal = {CERN Courier},
Month = {April},
Year = {2013},
Url = {http://cerncourier.com/cws/article/cern/53089}
}

@article{RHICaccel,
Author= {CAD @ BNL},
Title = {RHIC Accelerators},
Journal = {BNL website},
Month = {July},
Year = {2016},
Url = {https://www.bnl.gov/rhic/complex.asp}
}

@article{croninpaper,
  title = {Production of hadrons at large transverse momentum at 200, 300, and 400 GeV},
  author = {Cronin, J. W. and Frisch, H. J. and Shochet, M. J. and Boymond, J. P. and Pirou\'e, P. A. and Sumner, R. L.},
  journal = {Phys. Rev. D},
  volume = {11},
  issue = {11},
  pages = {3105--3123},
  numpages = {0},
  year = {1975},
  month = {Jun},
  publisher = {American Physical Society},
  doi = {10.1103/PhysRevD.11.3105},
  url = {http://link.aps.org/doi/10.1103/PhysRevD.11.3105}
}

@article{Khachatryan:2015waa,
      author         = "Khachatryan, Vardan and others",
      title          = "{Evidence for Collective Multiparticle Correlations in
                        p-Pb Collisions}",
      collaboration  = "CMS",
      journal        = "Phys. Rev. Lett.",
      volume         = "115",
      year           = "2015",
      number         = "1",
      pages          = "012301",
      doi            = "10.1103/PhysRevLett.115.012301",
      eprint         = "1502.05382",
      archivePrefix  = "arXiv",
      primaryClass   = "nucl-ex",
      reportNumber   = "CMS-HIN-14-006, CERN-PH-EP-2015-011",
      SLACcitation   = "%%CITATION = ARXIV:1502.05382;%%"
}

@article{PhysRevC.92.034913,
  title = {Systematic study of azimuthal anisotropy in Cu + Cu and Au + Au collisions at $\sqrt{{s}_{\mathit{NN}}}=62.4$ and 200 GeV},
  author = {Adare, A. and Afanasiev, S. and Aidala, C. and Ajitanand, N. N. and Akiba, Y. and Al-Bataineh, H. and Al-Jamel, A. and Alexander, J. and Aoki, K. and Aphecetche, L. and Armendariz, R. and Aronson, S. H. and Asai, J. and Atomssa, E. T. and Averbeck, R. and Awes, T. C. and Azmoun, B. and Babintsev, V. and Baksay, G. and Baksay, L. and Baldisseri, A. and Barish, K. N. and Barnes, P. D. and Bassalleck, B. and Bathe, S. and Batsouli, S. and Baublis, V. and Bauer, F. and Bazilevsky, A. and Belikov, S. and Bennett, R. and Berdnikov, Y. and Bickley, A. A. and Bjorndal, M. T. and Boissevain, J. G. and Borel, H. and Boyle, K. and Brooks, M. L. and Brown, D. S. and Bucher, D. and Buesching, H. and Bumazhnov, V. and Bunce, G. and Burward-Hoy, J. M. and Butsyk, S. and Campbell, S. and Chai, J.-S. and Chang, B. S. and Charvet, J.-L. and Chernichenko, S. and Chi, C. Y. and Chiba, J. and Chiu, M. and Choi, I. J. and Chujo, T. and Chung, P. and Churyn, A. and Cianciolo, V. and Cleven, C. R. and Cobigo, Y. and Cole, B. A. and Comets, M. P. and Constantin, P. and Csan\'ad, M. and Cs\"org\ifmmode \mbox{\H{o}}\else \H{o}\fi{}, T. and Dahms, T. and Das, K. and David, G. and Deaton, M. B. and Dehmelt, K. and Delagrange, H. and Denisov, A. and d'Enterria, D. and Deshpande, A. and Desmond, E. J. and Dietzsch, O. and Dion, A. and Donadelli, M. and Drachenberg, J. L. and Drapier, O. and Drees, A. and Dubey, A. K. and Durum, A. and Dzhordzhadze, V. and Efremenko, Y. V. and Egdemir, J. and Ellinghaus, F. and Emam, W. S. and Enokizono, A. and En'yo, H. and Espagnon, B. and Esumi, S. and Eyser, K. O. and Fields, D. E. and Finger, M. and Finger, M. and Fleuret, F. and Fokin, S. L. and Forestier, B. and Fraenkel, Z. and Frantz, J. E. and Franz, A. and Frawley, A. D. and Fujiwara, K. and Fukao, Y. and Fung, S.-Y. and Fusayasu, T. and Gadrat, S. and Garishvili, I. and Gastineau, F. and Germain, M. and Glenn, A. and Gong, H. and Gonin, M. and Gosset, J. and Goto, Y. and Granier de Cassagnac, R. and Grau, N. and Greene, S. V. and Grosse Perdekamp, M. and Gunji, T. and Gustafsson, H.-\AA{}. and Hachiya, T. and Hadj Henni, A. and Haegemann, C. and Haggerty, J. S. and Hagiwara, M. N. and Hamagaki, H. and Han, R. and Harada, H. and Hartouni, E. P. and Haruna, K. and Harvey, M. and Haslum, E. and Hasuko, K. and Hayano, R. and He, X. and Heffner, M. and Hemmick, T. K. and Hester, T. and Heuser, J. M. and Hiejima, H. and Hill, J. C. and Hobbs, R. and Hohlmann, M. and Holmes, M. and Holzmann, W. and Homma, K. and Hong, B. and Horaguchi, T. and Hornback, D. and Huang, S. and Hur, M. G. and Ichihara, T. and Iinuma, H. and Imai, K. and Inaba, M. and Inoue, Y. and Isenhower, D. and Isenhower, L. and Ishihara, M. and Isobe, T. and Issah, M. and Isupov, A. and Jacak, B. V. and Jia, J. and Jin, J. and Jinnouchi, O. and Johnson, B. M. and Joo, K. S. and Jouan, D. and Kajihara, F. and Kametani, S. and Kamihara, N. and Kamin, J. and Kaneta, M. and Kang, J. H. and Kanou, H. and Kawagishi, T. and Kawall, D. and Kazantsev, A. V. and Kelly, S. and Khanzadeev, A. and Kikuchi, J. and Kim, D. H. and Kim, D. J. and Kim, E. and Kim, Y.-S. and Kinney, E. and Kiss, \'A. and Kistenev, E. and Kiyomichi, A. and Klay, J. and Klein-Boesing, C. and Kochenda, L. and Kochetkov, V. and Komkov, B. and Konno, M. and Kotchetkov, D. and Kozlov, A. and Kr\'al, A. and Kravitz, A. and Kroon, P. J. and Kubart, J. and Kunde, G. J. and Kurihara, N. and Kurita, K. and Kweon, M. J. and Kwon, Y. and Kyle, G. S. and Lacey, R. and Lai, Y. S. and Lajoie, J. G. and Lebedev, A. and Le Bornec, Y. and Leckey, S. and Lee, D. M. and Lee, M. K. and Lee, T. and Leitch, M. J. and Leite, M. A. L. and Lenzi, B. and Li, X. and Li, X. H. and Lim, H. and Li\ifmmode \check{s}\else \v{s}\fi{}ka, T. and Litvinenko, A. and Liu, M. X. and Love, B. and Lynch, D. and Maguire, C. F. and Makdisi, Y. I. and Malakhov, A. and Malik, M. D. and Manko, V. I. and Mao, Y. and Ma\ifmmode \check{s}\else \v{s}\fi{}ek, L. and Masui, H. and Matathias, F. and McCain, M. C. and McCumber, M. and McGaughey, P. L. and Miake, Y. and Mike\ifmmode \check{s}\else \v{s}\fi{}, P. and Miki, K. and Miller, T. E. and Milov, A. and Mioduszewski, S. and Mishra, G. C. and Mishra, M. and Mitchell, J. T. and Mitrovski, M. and Morreale, A. and Morrison, D. P. and Moss, J. M. and Moukhanova, T. V. and Mukhopadhyay, D. and Murata, J. and Nagamiya, S. and Nagata, Y. and Nagle, J. L. and Naglis, M. and Nakagawa, I. and Nakamiya, Y. and Nakamura, T. and Nakano, K. and Newby, J. and Nguyen, M. and Norman, B. E. and Nouicer, R. and Nyanin, A. S. and Nystrand, J. and O'Brien, E. and Oda, S. X. and Ogilvie, C. A. and Ohnishi, H. and Ojha, I. D. and Oka, M. and Okada, K. and Omiwade, O. O. and Oskarsson, A. and Otterlund, I. and Ouchida, M. and Ozawa, K. and Pak, R. and Pal, D. and Palounek, A. P. T. and Pantuev, V. and Papavassiliou, V. and Park, J. and Park, W. J. and Pate, S. F. and Pei, H. and Peng, J.-C. and Pereira, H. and Peresedov, V. and Peressounko, D. Yu. and Pinkenburg, C. and Pisani, R. P. and Purschke, M. L. and Purwar, A. K. and Qu, H. and Rak, J. and Rakotozafindrabe, A. and Ravinovich, I. and Read, K. F. and Rembeczki, S. and Reuter, M. and Reygers, K. and Riabov, V. and Riabov, Y. and Roche, G. and Romana, A. and Rosati, M. and Rosendahl, S. S. E. and Rosnet, P. and Rukoyatkin, P. and Rykov, V. L. and Ryu, S. S. and Sahlmueller, B. and Saito, N. and Sakaguchi, T. and Sakai, S. and Sakata, H. and Samsonov, V. and Sato, H. D. and Sato, S. and Sawada, S. and Seele, J. and Seidl, R. and Semenov, V. and Seto, R. and Sharma, D. and Shea, T. K. and Shein, I. and Shevel, A. and Shibata, T.-A. and Shigaki, K. and Shimomura, M. and Shohjoh, T. and Shoji, K. and Sickles, A. and Silva, C. L. and Silvermyr, D. and Silvestre, C. and Sim, K. S. and Singh, C. P. and Singh, V. and Skutnik, S. and Slune\ifmmode \check{c}\else \v{c}\fi{}ka, M. and Smith, W. C. and Soldatov, A. and Soltz, R. A. and Sondheim, W. E. and Sorensen, S. P. and Sourikova, I. V. and Staley, F. and Stankus, P. W. and Stenlund, E. and Stepanov, M. and Ster, A. and Stoll, S. P. and Sugitate, T. and Suire, C. and Sullivan, J. P. and Sziklai, J. and Tabaru, T. and Takagi, S. and Takagui, E. M. and Taketani, A. and Tanaka, K. H. and Tanaka, Y. and Tanida, K. and Tannenbaum, M. J. and Taranenko, A. and Tarj\'an, P. and Thomas, T. L. and Todoroki, T. and Togawa, M. and Toia, A. and Tojo, J. and Tom\'a\ifmmode \check{s}\else \v{s}\fi{}ek, L. and Torii, H. and Towell, R. S. and Tram, V-N. and Tserruya, I. and Tsuchimoto, Y. and Tuli, S. K. and Tydesj\"o, H. and Tyurin, N. and Vale, C. and Valle, H. and van Hecke, H. W. and Velkovska, J. and V\'ertesi, R. and Vinogradov, A. A. and Virius, M. and Vrba, V. and Vznuzdaev, E. and Wagner, M. and Walker, D. and Wang, X. R. and Watanabe, Y. and Wessels, J. and White, S. N. and Willis, N. and Winter, D. and Woody, C. L. and Wysocki, M. and Xie, W. and Yamaguchi, Y. L. and Yanovich, A. and Yasin, Z. and Ying, J. and Yokkaichi, S. and Young, G. R. and Younus, I. and Yushmanov, I. E. and Zajc, W. A. and Zaudtke, O. and Zhang, C. and Zhou, S. and Zim\'anyi, J. and Zolin, L.},
  collaboration = {PHENIX Collaboration},
  journal = {Phys. Rev. C},
  volume = {92},
  issue = {3},
  pages = {034913},
  numpages = {20},
  year = {2015},
  month = {Sep},
  publisher = {American Physical Society},
  doi = {10.1103/PhysRevC.92.034913},
  url = {http://link.aps.org/doi/10.1103/PhysRevC.92.034913}
}


@article{Adler:2003kt,
      author         = "Adler, S. S. and others",
      title          = "{Elliptic flow of identified hadrons in Au+Au collisions
                        at s(NN)**(1/2) = 200-GeV}",
      collaboration  = "PHENIX",
      journal        = "Phys. Rev. Lett.",
      volume         = "91",
      year           = "2003",
      pages          = "182301",
      doi            = "10.1103/PhysRevLett.91.182301",
      eprint         = "nucl-ex/0305013",
      archivePrefix  = "arXiv",
      primaryClass   = "nucl-ex",
      SLACcitation   = "%%CITATION = NUCL-EX/0305013;%%"
}

@article{Corcoran:1990vq,
      author         = "Corcoran, M. D. and others",
      title          = "{Evidence for multiple scattering of high-energy partons
                        in nuclei}",
      collaboration  = "E609",
      journal        = "Phys. Lett.",
      volume         = "B259",
      year           = "1991",
      pages          = "209-215",
      doi            = "10.1016/0370-2693(91)90160-R",
      reportNumber   = "ANL-HEP-PR-90-119, DOE-ER-05096-42",
      SLACcitation   = "%%CITATION = PHLTA,B259,209;%%"
}
@article{PhysRevD.13.2948,
  title = {Nucleon-number dependence of large-transverse-momentum reactions and multiple scattering},
  author = {K\"uhn, J. H.},
  journal = {Phys. Rev. D},
  volume = {13},
  issue = {11},
  pages = {2948--2953},
  numpages = {0},
  year = {1976},
  month = {Jun},
  publisher = {American Physical Society},
  doi = {10.1103/PhysRevD.13.2948},
  url = {http://link.aps.org/doi/10.1103/PhysRevD.13.2948}
}

@book{wojciechphenomenology,
  title={Phenomenology of Ultra-relativistic Heavy-ion Collisions},
  author={Wojciech, F.},
  isbn={9789814280686},
  year={2010},
  url={https://books.google.com/books?id=4gIp05n9lz4C},
  publisher={World Scientific}
}

@article{bevalac9lives,
  title={Bevalac Had 40-Year Record of Historic Discoveries},
  author = {Goldhaber, Judy},
  journal = {Berkeley Lab Science Articles Archive},
  year = {1992},
  month = {October},
  url = {http://www2.lbl.gov/Science-Articles/Archive/Bevalac-nine-lives.html}
}

@article{Antinori:1999hy,
      author         = "Antinori, F. and others",
      title          = "{Production of strange and multistrange hadrons in
                        nucleus nucleus collisions at the SPS}",
      booktitle      = "{Quark matter '99. Proceedings, 14th International
                        Conference on ultrarelativistic nucleus nucleus
                        collisions, QM'99, Torino, Italy, May 10-15, 1999}",
      collaboration  = "WA97",
      journal        = "Nucl. Phys.",
      volume         = "A661",
      year           = "1999",
      pages          = "130-139",
      doi            = "10.1016/S0375-9474(99)85015-5",
      reportNumber   = "CERN-EP-2000-003",
      SLACcitation   = "%%CITATION = NUPHA,A661,130;%%"
}

@article{Hohne:1999jf,
      author         = "Hohne, C.",
      title          = "{Strangeness production in nuclear collisions: Recent
                        results from experiment NA49}",
      booktitle      = "{Quark matter '99. Proceedings, 14th International
                        Conference on ultrarelativistic nucleus nucleus
                        collisions, QM'99, Torino, Italy, May 10-15, 1999}",
      collaboration  = "NA49",
      journal        = "Nucl. Phys.",
      volume         = "A661",
      year           = "1999",
      pages          = "485-488",
      doi            = "10.1016/S0375-9474(99)85071-4",
      SLACcitation   = "%%CITATION = NUPHA,A661,485;%%"
}

@article{BraunMunzinger:1998cg,
      author         = "Braun-Munzinger, Peter and Stachel, Johanna",
      title          = "{Dynamics of ultrarelativistic nuclear collisions with
                        heavy beams: An Experimental overview}",
      booktitle      = "{Ultrarelativistic nucleus nucleus collisions.
                        Proceedings, 48th Yamada Conference, 13th International
                        Conference, Quark Matter '97, Tsukuba, Japan, December
                        1-5, 1997}",
      journal        = "Nucl. Phys.",
      volume         = "A638",
      year           = "1998",
      pages          = "3-18",
      doi            = "10.1016/S0375-9474(98)00342-X",
      eprint         = "nucl-ex/9803015",
      archivePrefix  = "arXiv",
      primaryClass   = "nucl-ex",
      reportNumber   = "GSI-98-05",
      SLACcitation   = "%%CITATION = NUCL-EX/9803015;%%"
}

@article{Heinz:1999rw,
      author         = "Heinz, Ulrich W. and Jacak, Barbara V.",
      title          = "{Two particle correlations in relativistic heavy ion
                        collisions}",
      journal        = "Ann. Rev. Nucl. Part. Sci.",
      volume         = "49",
      year           = "1999",
      pages          = "529-579",
      doi            = "10.1146/annurev.nucl.49.1.529",
      eprint         = "nucl-th/9902020",
      archivePrefix  = "arXiv",
      primaryClass   = "nucl-th",
      reportNumber   = "CERN-TH-99-26",
      SLACcitation   = "%%CITATION = NUCL-TH/9902020;%%"
}

@article{PhysRevLett.64.847,
  title = {Kaon and pion production in central Si+Au collisions at 14.6    \textit{A}   GeV/    \textit{c}},
  author = {Abbott, T. and Akiba, Y. and Alburger, D. and Beavis, D. and Betts, R. R. and Birstein, L. and Bloomer, M. A. and Bond, P. D. and Chasman, C. and Chu, Y. Y. and Cole, B. A. and Costales, J. B. and Crawford, H. J. and Cumming, J. B. and Debbe, R. and Duek, E. and Engelage, J. and Fung, S. Y. and Grodzins, L. and Gushue, S. and Hamagaki, H. and Hansen, O. and Hayashi, S. and Homma, S. and Huang, H. Z. and Ikeda, Y. and Katcoff, S. and Kaufman, S. and Kimura, K. and Kitamura, K. and Kurita, K. and Ledoux, R. J. and Levine, M. J. and Miake, Y. and Morse, R. J. and Nagamiya, S. and Olness, J. and Parsons, C. G. and Remsberg, L. P. and Sarabura, M. and Shor, A. and Stankus, P. and Steadman, S. G. and Stephans, G. S. F. and Sugitate, T. and Tannenbaum, M. J. and Torikoshi, M. and van Dijk, J. H. and Videbaek, F. and Vient, M. and Vincent, P. and Vulgaris, E. and Vutsadakis, V. and Watson, W. A. and Wegner, H. E. and Woodruff, D. S. and Wu, Y. D. and Zajc, W. A.},
  journal = {Phys. Rev. Lett.},
  volume = {64},
  issue = {8},
  pages = {847--850},
  numpages = {0},
  year = {1990},
  month = {Feb},
  publisher = {American Physical Society},
  doi = {10.1103/PhysRevLett.64.847},
  url = {http://link.aps.org/doi/10.1103/PhysRevLett.64.847}
}


@article{Barrette:1999rx,
      author         = "Barrette, Jean",
      title          = "{Anisotropic azimuthal distributions of identified
                        particles in Au + Au collisions at 11.5/A-GeV/c}",
      booktitle      = "{Quark matter '99. Proceedings, 14th International
                        Conference on ultrarelativistic nucleus nucleus
                        collisions, QM'99, Torino, Italy, May 10-15, 1999}",
      collaboration  = "E877",
      journal        = "Nucl. Phys.",
      volume         = "A661",
      year           = "1999",
      pages          = "329-332",
      doi            = "10.1016/S0375-9474(99)85033-7",
      eprint         = "nucl-ex/9910003",
      archivePrefix  = "arXiv",
      primaryClass   = "nucl-ex",
      reportNumber   = "MG99-PHY01",
      SLACcitation   = "%%CITATION = NUCL-EX/9910003;%%"
}

@article{PhysRevLett.52.1590,
  title = {Collective Flow Observed in Relativistic Nuclear Collisions},
  author = {Gustafsson, H. A. and Gutbrod, H. H. and Kolb, B. and L\"ohner, H. and Ludewigt, B. and Poskanzer, A. M. and Renner, T. and Riedesel, H. and Ritter, H. G. and Warwick, A. and Weik, F. and Wieman, H.},
  journal = {Phys. Rev. Lett.},
  volume = {52},
  issue = {18},
  pages = {1590--1593},
  numpages = {0},
  year = {1984},
  month = {Apr},
  publisher = {American Physical Society},
  doi = {10.1103/PhysRevLett.52.1590},
  url = {http://link.aps.org/doi/10.1103/PhysRevLett.52.1590}
}


@article {ROBINSON857,
	author = {ROBINSON, ARTHUR L.},
	title = {Nuclear Squeeze at Lawrence Berkeley Lab},
	volume = {224},
	number = {4651},
	pages = {857--858},
	year = {1984},
	doi = {10.1126/science.224.4651.857},
	publisher = {American Association for the Advancement of Science},
	issn = {0036-8075},
	URL = {http://science.sciencemag.org/content/224/4651/857},
	eprint = {http://science.sciencemag.org/content/224/4651/857.full.pdf},
	journal = {Science}
}


@article{PhysRevLett.66.2285,
  title = {Nuclear dependence of the production of \ensuremath{\Upsilon} resonances at 800 GeV},
  author = {Alde, D. M. and Baer, H. W. and Carey, T. A. and Garvey, G. T. and Klein, A. and Lee, C. and Leitch, M. J. and Lillberg, J. W. and McGaughey, P. L. and Mishra, C. S. and Moss, J. M. and Peng, J. C. and Brown, C. N. and Cooper, W. E. and Hsiung, Y. B. and Adams, M. R. and Guo, R. and Kaplan, D. M. and McCarthy, R. L. and Danner, G. and Wang, M. J. and Barlett, M. L. and Hoffmann, G. W.},
  journal = {Phys. Rev. Lett.},
  volume = {66},
  issue = {18},
  pages = {2285--2288},
  numpages = {0},
  year = {1991},
  month = {May},
  publisher = {American Physical Society},
  doi = {10.1103/PhysRevLett.66.2285},
  url = {http://link.aps.org/doi/10.1103/PhysRevLett.66.2285}
}

@article{PhysRevLett.25.316,
  title = {Massive Lepton-Pair Production in Hadron-Hadron Collisions at High Energies},
  author = {Drell, Sidney D. and Yan, Tung-Mow},
  journal = {Phys. Rev. Lett.},
  volume = {25},
  issue = {5},
  pages = {316--320},
  numpages = {0},
  year = {1970},
  month = {Aug},
  publisher = {American Physical Society},
  doi = {10.1103/PhysRevLett.25.316},
  url = {http://link.aps.org/doi/10.1103/PhysRevLett.25.316}
}
@article{PhysRevLett.70.143,
  title = {Nuclear rescattering effects in massive dihadron production},
  author = {Fields, T. and Corcoran, M. D.},
  journal = {Phys. Rev. Lett.},
  volume = {70},
  issue = {2},
  pages = {143--145},
  numpages = {0},
  year = {1993},
  month = {Jan},
  publisher = {American Physical Society},
  doi = {10.1103/PhysRevLett.70.143},
  url = {http://link.aps.org/doi/10.1103/PhysRevLett.70.143}
}

@article{PhysRevLett.97.152301,
  title = {Identified Baryon and Meson Distributions at Large Transverse Momenta from $\mathrm{Au}+\mathrm{Au}$ Collisions at $\sqrt{{s}_{NN}}=200\text{ }\text{ }\mathrm{GeV}$},
  author = {Abelev, B. I. and Aggarwal, M. M. and Ahammed, Z. and Anderson, B. D. and Anderson, M. and Arkhipkin, D. and Averichev, G. S. and Bai, Y. and Balewski, J. and Barannikova, O. and Barnby, L. S. and Baudot, J. and Bekele, S. and Belaga, V. V. and Bellingeri-Laurikainen, A. and Bellwied, R. and Benedosso, F. and Bhardwaj, S. and Bhasin, A. and Bhati, A. K. and Bichsel, H. and Bielcik, J. and Bielcikova, J. and Bland, L. C. and Blyth, S-L. and Bonner, B. E. and Botje, M. and Bouchet, J. and Brandin, A. V. and Bravar, A. and Burton, T. P. and Bystersky, M. and Cadman, R. V. and Cai, X. Z. and Caines, H. and Calder\'on de la Barca S\'anchez, M. and Castillo, J. and Catu, O. and Cebra, D. and Chajecki, Z. and Chaloupka, P. and Chattopadhyay, S. and Chen, H. F. and Chen, J. H. and Cheng, J. and Cherney, M. and Chikanian, A. and Christie, W. and Coffin, J. P. and Cormier, T. M. and Cosentino, M. R. and Cramer, J. G. and Crawford, H. J. and Das, D. and Das, S. and Dash, S. and Daugherity, M. and de Moura, M. M. and Dedovich, T. G. and DePhillips, M. and Derevschikov, A. A. and Didenko, L. and Dietel, T. and Djawotho, P. and Dogra, S. M. and Dong, W. J. and Dong, X. and Draper, J. E. and Du, F. and Dunin, V. B. and Dunlop, J. C. and Dutta Mazumdar, M. R. and Eckardt, V. and Edwards, W. R. and Efimov, L. G. and Emelianov, V. and Engelage, J. and Eppley, G. and Erazmus, B. and Estienne, M. and Fachini, P. and Fatemi, R. and Fedorisin, J. and Filip, P. and Finch, E. and Fine, V. and Fisyak, Y. and Fu, J. and Gagliardi, C. A. and Gaillard, L. and Ganti, M. S. and Ghazikhanian, V. and Ghosh, P. and Gonzalez, J. E. and Gorbunov, Y. G. and Gos, H. and Grebenyuk, O. and Grosnick, D. and Guertin, S. M. and Guimaraes, K. S. F. F. and Gupta, N. and Gutierrez, T. D. and Haag, B. and Hallman, T. J. and Hamed, A. and Harris, J. W. and He, W. and Heinz, M. and Henry, T. W. and Hepplemann, S. and Hippolyte, B. and Hirsch, A. and Hjort, E. and Hoffman, A. M. and Hoffmann, G. W. and Horner, M. J. and Huang, H. Z. and Huang, S. L. and Hughes, E. W. and Humanic, T. J. and Igo, G. and Jacobs, P. and Jacobs, W. W. and Jakl, P. and Jia, F. and Jiang, H. and Jones, P. G. and Judd, E. G. and Kabana, S. and Kang, K. and Kapitan, J. and Kaplan, M. and Keane, D. and Kechechyan, A. and Khodyrev, V. Yu. and Kim, B. C. and Kiryluk, J. and Kisiel, A. and Kislov, E. M. and Klein, S. R. and Kocoloski, A. and Koetke, D. D. and Kollegger, T. and Kopytine, M. and Kotchenda, L. and Kouchpil, V. and Kowalik, K. L. and Kramer, M. and Kravtsov, P. and Kravtsov, V. I. and Krueger, K. and Kuhn, C. and Kulikov, A. I. and Kumar, A. and Kuznetsov, A. A. and Lamont, M. A. C. and Landgraf, J. M. and Lange, S. and LaPointe, S. and Laue, F. and Lauret, J. and Lebedev, A. and Lednicky, R. and Lee, C-H. and Lehocka, S. and LeVine, M. J. and Li, C. and Li, Q. and Li, Y. and Lin, G. and Lin, X. and Lindenbaum, S. J. and Lisa, M. A. and Liu, F. and Liu, H. and Liu, J. and Liu, L. and Liu, Z. and Ljubicic, T. and Llope, W. J. and Long, H. and Longacre, R. S. and Love, W. A. and Lu, Y. and Ludlam, T. and Lynn, D. and Ma, G. L. and Ma, J. G. and Ma, Y. G. and Magestro, D. and Mahapatra, D. P. and Majka, R. and Mangotra, L. K. and Manweiler, R. and Margetis, S. and Markert, C. and Martin, L. and Matis, H. S. and Matulenko, Yu. A. and McClain, C. J. and McShane, T. S. and Melnick, Yu. and Meschanin, A. and Millane, J. and Miller, M. L. and Minaev, N. G. and Mioduszewski, S. and Mironov, C. and Mischke, A. and Mishra, D. K. and Mitchell, J. and Mohanty, B. and Molnar, L. and Moore, C. F. and Morozov, D. A. and Munhoz, M. G. and Nandi, B. K. and Nattrass, C. and Nayak, T. K. and Nelson, J. M. and Nepali, N. S. and Netrakanti, P. K. and Nogach, L. V. and Nurushev, S. B. and Odyniec, G. and Ogawa, A. and Okorokov, V. and Oldenburg, M. and Olson, D. and Pachr, M. and Pal, S. K. and Panebratsev, Y. and Panitkin, S. Y. and Pavlinov, A. I. and Pawlak, T. and Peitzmann, T. and Perevoztchikov, V. and Perkins, C. and Peryt, W. and Phatak, S. C. and Picha, R. and Planinic, M. and Pluta, J. and Poljak, N. and Porile, N. and Porter, J. and Poskanzer, A. M. and Potekhin, M. and Potrebenikova, E. and Potukuchi, B. V. K. S. and Prindle, D. and Pruneau, C. and Putschke, J. and Rakness, G. and Raniwala, R. and Raniwala, S. and Ray, R. L. and Razin, S. V. and Reinnarth, J. and Relyea, D. and Ridiger, A. and Ritter, H. G. and Roberts, J. B. and Rogachevskiy, O. V. and Romero, J. L. and Rose, A. and Roy, C. and Ruan, L. and Russcher, M. J. and Sahoo, R. and Sakuma, T. and Salur, S. and Sandweiss, J. and Sarsour, M. and Sazhin, P. S. and Schambach, J. and Scharenberg, R. P. and Schmitz, N. and Seger, J. and Selyuzhenkov, I. and Seyboth, P. and Shabetai, A. and Shahaliev, E. and Shao, M. and Sharma, M. and Shen, W. Q. and Shimanskiy, S. S. and Sichtermann, E. P. and Simon, F. and Singaraju, R. N. and Smirnov, N. and Snellings, R. and Sood, G. and Sorensen, P. and Sowinski, J. and Speltz, J. and Spinka, H. M. and Srivastava, B. and Stadnik, A. and Stanislaus, T. D. S. and Stock, R. and Stolpovsky, A. and Strikhanov, M. and Stringfellow, B. and Suaide, A. A. P. and Subba, N. L. and Sugarbaker, E. and Sumbera, M. and Sun, Z. and Surrow, B. and Swanger, M. and Symons, T. J. M. and Szanto de Toledo, A. and Tai, A. and Takahashi, J. and Tang, A. H. and Tarnowsky, T. and Thein, D. and Thomas, J. H. and Timmins, A. R. and Timoshenko, S. and Tokarev, M. and Trainor, T. A. and Trentalange, S. and Tribble, R. E. and Tsai, O. D. and Ulery, J. and Ullrich, T. and Underwood, D. G. and Van Buren, G. and van der Kolk, N. and van Leeuwen, M. and Vander Molen, A. M. and Varma, R. and Vasilevski, I. M. and Vasiliev, A. N. and Vernet, R. and Vigdor, S. E. and Viyogi, Y. P. and Vokal, S. and Voloshin, S. A. and Waggoner, W. T. and Wang, F. and Wang, G. and Wang, J. S. and Wang, X. L. and Wang, Y. and Watson, J. W. and Webb, J. C. and Westfall, G. D. and Wetzler, A. and Whitten, C. and Wieman, H. and Wissink, S. W. and Witt, R. and Wood, J. and Wu, J. and Xu, N. and Xu, Q. H. and Xu, Z. and Yepes, P. and Yoo, I-K. and Yurevich, V. I. and Zhan, W. and Zhang, H. and Zhang, W. M. and Zhang, Y. and Zhang, Z. P. and Zhao, Y. and Zhong, C. and Zoulkarneev, R. and Zoulkarneeva, Y. and Zubarev, A. N. and Zuo, J. X.},
  collaboration = {STAR Collaboration},
  journal = {Phys. Rev. Lett.},
  volume = {97},
  issue = {15},
  pages = {152301},
  numpages = {6},
  year = {2006},
  month = {Oct},
  publisher = {American Physical Society},
  doi = {10.1103/PhysRevLett.97.152301},
  url = {http://link.aps.org/doi/10.1103/PhysRevLett.97.152301}
}


@article{Abreu:2000ni,
      author         = "Abreu, M. C. and others",
      title          = "{Evidence for deconfinement of quarks and gluons from the
                        J / psi suppression pattern measured in Pb + Pb collisions
                        at the CERN SPS}",
      collaboration  = "NA50",
      journal        = "Phys. Lett.",
      volume         = "B477",
      year           = "2000",
      pages          = "28-36",
      doi            = "10.1016/S0370-2693(00)00237-9",
      reportNumber   = "CERN-EP-2000-013",
      SLACcitation   = "%%CITATION = PHLTA,B477,28;%%"
}


@article{tofchargemom,
Title = {Identified Charged Hadron Spectra and Particle Ratios at sqrt(s)=200 GeV for QM2002},
	Author = {Akio Kiyomichi},
    Journal = {PHENIX internal analysis notes},
    Volume = {AN148},
    Year = {2002},
    }
}

@misc{phenixzdc,
	Author = {Sebastian White},
    howpublished = {RHIC/PHENIX hosted group page},
    Year = {2003},
url = {https://www.phenix.bnl.gov/~swhite/zcal/}
    }

@article{PhysRevC.58.1671,
  title = {Methods for analyzing anisotropic flow in relativistic nuclear collisions},
  author = {Poskanzer, A. M. and Voloshin, S. A.},
  journal = {Phys. Rev. C},
  volume = {58},
  issue = {3},
  pages = {1671--1678},
  numpages = {0},
  year = {1998},
  month = {Sep},
  publisher = {American Physical Society},
  doi = {10.1103/PhysRevC.58.1671},
  url = {http://link.aps.org/doi/10.1103/PhysRevC.58.1671}
}

@misc{jetfeynmancredit,
  title = {When Feynman Diagrams Fail},
  Author = {Tanedo, Flip},
    Journal = {Quantum Diaries, Group Blog},
    Year = {2010},
    url = {http://www.quantumdiaries.org/2010/12/11}
    }

@misc{jetdiagramcredit,
title = {When you’re a jet, you’re a jet all the way},
  Author = {Tanedo, Flip},
    Journal = {Quantum Diaries, Group Blog},
    Year = {2011},
    url = {http://www.quantumdiaries.org/2011/04/22}
    } 